<?xml version="1.0" encoding="UTF-8"?><collection xmlns="http://www.loc.gov/MARC21/slim"><record><leader>00446nam--2200169-i-4500</leader><controlfield tag="001">000002390</controlfield><controlfield tag="002">20161230</controlfield><controlfield tag="005">20161230201025</controlfield><controlfield tag="008">060222s1000------------r-----000-0-eng-d</controlfield><datafield ind1=" " ind2=" " tag="040"><subfield code="a">IFIN-HH</subfield></datafield><datafield ind1=" " ind2=" " tag="080"><subfield code="a">518.5</subfield></datafield><datafield ind1="1" ind2=" " tag="100"><subfield code="a">Ficken, F.A</subfield></datafield><datafield ind1="1" ind2="0" tag="245"><subfield code="a">The simplex method of linear programming</subfield><subfield code="c">F.a. ficken</subfield></datafield><datafield ind1=" " ind2=" " tag="260"><subfield code="a">New York</subfield><subfield code="b">Holt, Rinehart And Wiston</subfield><subfield code="c">1961</subfield></datafield><datafield ind1=" " ind2=" " tag="300"><subfield code="a">VI + 58 P</subfield></datafield><datafield ind1=" " ind2=" " tag="852"><subfield code="a">18577</subfield><subfield code="c">519.283</subfield></datafield><datafield ind1=" " ind2=" " tag="CAT"><subfield code="a">Sys</subfield><subfield code="c">20130806</subfield><subfield code="h">174200</subfield></datafield></record></collection>